@article{mori1992historical,
  title={Historical review of OCR research and development},
  author={Mori, Shunji and Suen, Ching Y and Yamamoto, Kazuhiko},
  journal={Proceedings of the IEEE},
  volume={80},
  number={7},
  pages={1029--1058},
  year={1992},
  publisher={IEEE}
}

@article{trier1996feature,
  title={Feature extraction methods for character recognition-a survey},
  author={Trier, {\O}ivind Due and Jain, Anil K and Taxt, Torfinn},
  journal={Pattern recognition},
  volume={29},
  number={4},
  pages={641--662},
  year={1996},
  publisher={Elsevier}
}

@article{FanxiaGuo,
  title={中文 OCR 的发展现状及其最新技术},
  author={郭繁夏 and 丁晓青},
  journal={微电脑世界},
  number={3},
  pages={28--30},
  year={1996}
}

@article{LongDing,
  title={汉字 OCR 的原理, 方法与应用},
  author={丁龙 and 陆俞},
  journal={高师理科学刊},
  volume={18},
  number={2},
  pages={19--22},
  year={1998}
}

@mastersthesis{SongWan,
  title={基于 Tesseract-OCR 的名片识别系统的研究与实现},
  author={万松},
  year={2014},
  school={华南理工大学}
}

@mastersthesis{HongfengLi,
  title={基于 OCR 的试卷版面理解},
  author={李宏峰},
  year={2012},
  school={安徽工业大学}
}

@mastersthesis{TikunHu,
  title={基于 OCR 快递单据识别的研究与实现},
  author={胡提坤},
  year={2014},
  school={内蒙古大学}
}

@article{MinghuaXiang,
  title={基于 OCR 技术的医疗档案管理系统研究与构建},
  author={向明华 and 向国华},
  journal={中国医疗设备},
  volume={30},
  number={10},
  pages={106--107},
  year={2015}
}

@article{impedovo1991optical,
  title={Optical character recognition—a survey},
  author={Impedovo, S and Ottaviano, L and Occhinegro, S},
  journal={International Journal of Pattern Recognition and Artificial Intelligence},
  volume={5},
  number={01n02},
  pages={1--24},
  year={1991},
  publisher={World Scientific}
}

@book{gonzalez2008digital,
  title={Digital Image Processing},
  author={Gonzalez, R.C. and Woods, R.E.},
  isbn={9780131687288},
  lccn={2009289249},
  url={https://books.google.com.hk/books?id=8uGOnjRGEzoC},
  year={2008},
  publisher={Pearson/Prentice Hall}
}
